3120 5066
111 330 145 375 r.
163 312 308 386 oasin,
325 315 643 374 ouslssrrnnuznn
658 327 727 374 nus
743 327 821 376 osr-
837 327 916 374 our>
932 316 1246 376 sturnrsoonrnn.
1294 318 1333 376 51

3 511 4 520 κ
110 477 293 542 awischen
314 475 493 542 desselben
516 477 586 542 und
609 477 671 541 der
693 477 783 542 oben
805 476 1047 543 beschriebene
1061 477 1127 543 Art
1143 486 1335 544 vermuten.

3 655 4 658 Ἴ
110 579 204 643 Eine
227 577 350 643 solche
370 578 416 642 ist
437 576 561 659 jedoch
582 576 680 642 nicht
695 576 910 655 vorhanden,
926 578 1029 655 deun,
1045 579 1108 643 wie
1123 578 1337 644 sricnzznn

111 680 226 745 selbst
243 679 413 754 arwiihnt,
433 678 496 743 hat
506 677 552 742 H.
565 679 758 744 leucanthes
770 677 957 762 2-raihigen
968 677 1251 763 Pappusborstan
1263 681 1336 746 und

111 779 243 866 gehdrt
258 779 475 864 demaufolga
489 800 532 844 zu
548 779 610 844 dar
621 779 740 845 Sektio
751 780 1027 863 Enbypocboaris.
1052 779 1106 846 sie
1118 783 1164 846 ist
1176 782 1337 867 librigens

112 889 222 947 unter
247 881 385 946 andern
407 879 517 945 durch
539 901 584 945 an
607 879 670 944 der
691 880 925 945 Riickenscita
939 879 1219 968 kleinstachelige
1234 883 1338 948 Invo-

112 981 415 1066 lukralschuppen
433 981 506 1045 und
523 981 640 1046 weissa
659 980 787 1045 Bliiten
803 1000 873 1045 von
891 981 936 1045 H.
950 982 1154 1066 stenopbyllc
1166 989 1336 1068 gatrennt.

265 1235 474 1302 Hieracium
497 1237 880 1302 austro-amaricauum
902 1231 1061 1298 Dnmsr.
1085 1255 1119 1299 n.
1143 1256 1194 1319 sp.

202 1382 348 1450 Gauiis
371 1389 496 1448 25-50
518 1404 573 1449 om
594 1384 697 1462 altus,
715 1405 860 1461 crassus,
876 1385 1016 1467 rigidus,
1034 1405 1136 1470 saepe
1151 1385 1337 1464 flexuosus,

120 1485 256 1550 inferne
276 1497 306 1559 ὲ
327 1484 614 1549 fusco-violaceus
636 1491 673 1548 ct
694 1486 777 1549 setis
799 1484 886 1550 albis
908 1485 1262 1551 crebris-creberrimis
1281 1487 1339 1552 de-

3 1652 4 1665 *
123 1585 221 1650 flexis
251 1584 308 1649 vel
330 1584 609 1669 subpatentibus,
633 1585 747 1650 medio
769 1587 852 1650 setis
874 1592 929 1650 sat
952 1587 1067 1652 densis
1088 1590 1196 1672 magis
1218 1595 1339 1672 paten-

126 1686 220 1750 tibus
253 1706 400 1770 superne
432 1687 559 1770 sparsis
591 1692 628 1750 et
659 1685 871 1770 longioribus
904 1687 1062 1763 vestitus,
1091 1707 1200 1772 usque
1222 1709 1244 1752 a
1265 1688 1340 1753 basi

129 1785 296 1870 glandulis
318 1781 556 1852 minutissimis
578 1788 699 1852 cerinis
722 1786 778 1851 vel
799 1786 918 1852 luridis
936 1788 1070 1852 inferno
1084 1787 1209 1865 densis,
1226 1788 1340 1854 medio

130 1885 353 1952 densiusculis
386 1893 422 1952 et
454 1889 552 1971 apice
579 1888 707 1972 sparsis
729 1894 764 1952 st
786 1886 1083 1954 inflorescentiam
1106 1909 1226 1954 versus
1248 1896 1285 1955 et
1306 1890 1342 1955 in

128 1987 264 2053 raolride
287 1986 459 2071 glandulis
481 1988 670 2070 majoribus
685 1987 839 2053 obscuris
853 1989 1022 2053 immixtis
1038 1989 1208 2067 obtectus,
1226 1989 1342 2056 floccis

127 2088 259 2154 inferne
288 2089 375 2152 raris
403 2108 551 2173 superne
573 2090 699 2172 sparsis
720 2096 758 2153 et
779 2089 815 2153 in
836 2088 1093 2154 inflorescentia
1114 2089 1340 2156 densiusculis

126 2188 276 2266 obsitus;
300 2185 405 2253 folia
427 2187 592 2253 basalia
614 2188 679 2253 sub
701 2189 838 2254 anthesi
854 2195 947 2266 3-t‚
964 2188 1058 2254 haud
1074 2211 1153 2254 raro
1168 2211 1246 2255 cum
1262 2213 1341 2256 cau-

124 2289 202 2356 linis
232 2289 373 2365 infimis
406 2309 509 2374 saepe
538 2288 641 2354 valde
671 2291 920 2375 approximatis
947 2290 1098 2356 rosulam
1122 2291 1341 2356 multifoliam

124 2390 387 2467 constituentia,
410 2390 561 2455 breviter
582 2396 618 2455 et
639 2390 820 2457 latiuscula
842 2391 1010 2474 petiolata
1025 2391 1342 2476 oboram-oblonga

125 2490 536 2575 -oblongolancaolata
565 2492 738 2556 extoriora
768 2491 1014 2568 obtusiuscula,
1044 2493 1208 2558 interiora
1233 2495 1341 2577 magis

124 2599 242 2668 acuta,
266 2593 400 2675 integra
422 2591 478 2656 vel
499 2593 896 2676 minute—inconspicua
917 2591 1143 2670 denticulata,
1166 2593 1342 2658 interdum

125 2693 308 2769 undulata,
331 2713 444 2776 pauca
467 2693 600 2776 apicem
615 2713 734 2756 versus
750 2683 984 2770 uelamentis,
1002 2694 1038 2758 in
1052 2700 1201 2777 utraque
1215 2696 1343 2779 pagina

125 2803 161 2859 et
184 2795 220 2858 in
242 2793 396 2877 margine
417 2792 518 2877 longe
539 2799 575 2858 et
597 2795 780 2877 praecipue
794 2794 829 2856 in
846 2813 953 2858 nervo
968 2793 1095 2858 dorsali
1109 2793 1343 2860 dense-densi·

126 2894 244 2960 usculc
277 2893 518 2976 setoso-pilosa
550 2901 586 2958 et
607 2892 777 2977 glandulis
800 2894 922 2958 cerinis
943 2893 1173 2959 subtilissimis
1195 2894 1341 2960 dense-

127 2995 255 3072 crebra,
290 2996 474 3079 praecipue
506 2996 542 3058 in
571 3013 688 3069 nervo,
712 2994 870 3072 obtecta3
906 2994 1011 3059 lolia
1034 2994 1205 3060 caulina
1227 3001 1341 3072 5-12,

128 3097 291 3162 inferiora
312 3116 415 3179 saepe
437 3095 539 3160 valde
560 3097 802 3180 approximate
824 3103 1048 3179 magna-sat
1070 3117 1196 3180 magna
1219 3111 1248 3172 ὲ
1270 3096 1343 3161 lan-

130 3197 262 3263 ceolata
293 3204 399 3262 acuta
428 3197 605 3280 superiora
636 3197 744 3281 magis
773 3197 951 3280 magisque
974 3199 1090 3282 (saepe
1113 3197 1229 3278 valde)
1251 3199 1344 3263 inter

132 3317 166 3362 se
193 3304 327 3362 remota
355 3304 391 3362 et
417 3298 525 3381 magis
547 3298 724 3382 magisque
745 3296 888 3361 linearia
909 3297 1193 3362 acuto-subulata
1215 3299 1286 3363 cito
1307 3299 1343 3362 in

134 3397 288 3463 bracteas
311 3397 455 3462 lineares
477 3396 652 3476 abeuntia,
676 3399 791 3463 omnia
812 3397 941 3462 infimis
956 3398 1111 3481 exceptis
1127 3398 1201 3463 basi
1221 3411 1250 3473 ὲ
1271 3397 1344 3463 lata

136 3497 268 3573 sensilia,
293 3499 431 3581 saepius
445 3498 589 3581 sparsim
604 3496 818 3576 denticulata
832 3496 950 3581 paullo
965 3497 1104 3562 densius
1119 3497 1345 3582 setosopilosa

134 3605 168 3663 et
180 3597 352 3684 glandulis
366 3597 596 3662 subtilissimis
608 3599 731 3662 cerinis
742 3598 846 3662 dense
857 3598 1016 3676 obtecta;
1033 3597 1345 3664 infloresccntia

11 3732 14 3751 ·
131 3706 253 3764 exacte
292 3699 492 3783 paniculata
530 3701 722 3783 composita
749 3711 778 3773 ὲ
807 3697 968 3782 elongata
999 3719 1018 3762 a
1047 3701 1151 3763 ramis
1182 3698 1345 3765 brevibus

131 3821 172 3865 ex
194 3799 308 3864 axillis
329 3799 489 3864 loliorum
512 3798 659 3864 evolutis
681 3815 708 3874 ὲ
729 3799 1000 3863 indeterminata
1021 3799 1122 3863 initio
1144 3801 1248 3864 ramis
1270 3799 1345 3866 bre-

130 3901 233 3966 vibus
243 3908 403 3984 angusta,
416 3900 541 3964 deinde
555 3901 659 3964 ramis
670 3899 1225 3982 arcuatis—arcuatopatentibus
1237 3902 1346 3986 magis

130 4000 300 4086 elongatis
331 4001 535 4078 divaricata,
569 4001 673 4066 ramis
701 4007 757 4066 sat
777 4001 918 4065 remotis
940 3999 1344 4085 sparsim-densiusculs

130 4101 342 4186 glandulosis
374 4107 410 4165 at
442 4103 587 4186 sparsim
619 4101 765 4166 stellatis
791 4100 962 4166 soladium
986 4106 1091 4166 8-20
1113 4121 1184 4164 mm
1205 4099 1346 4185 longum

131 4202 227 4268 baud
256 4201 512 4287 superantibus,
544 4201 719 4286 pedicellis
751 4201 916 4266 brevibus
938 4201 1055 4266 crebre
1077 4200 1288 4286 glandulosis
1310 4209 1345 4266 et

131 4303 237 4369 densa
259 4303 429 4380 floccosis3
462 4302 727 4368 involucrum
749 4301 975 4386 cylindricum
997 4323 1026 4366 c.
1053 4309 1089 4366 ll
1113 4322 1184 4366 mm
1205 4302 1346 4386 longum

132 4412 167 4470 ct
191 4410 209 4471 7
232 4425 303 4468 mm
324 4401 446 4479 latum,
469 4405 622 4486 squamis
644 4402 870 4468 exterioribus
891 4409 1038 4488 angusta
1052 4401 1238 4468 linearibus
1254 4404 1345 4466 inac-

132 4505 305 4590 quilongis
321 4525 423 4588 saepe
438 4503 569 4581 dilutis,
582 4505 718 4568 extimis
730 4503 834 4588 vulgo
846 4505 881 4568 in
894 4503 1099 4587 pedicellum
1108 4502 1348 4569 descendenti·
