3220 5086
474 301 617 376 ARKIV
644 289 733 375 ΓΘΗ
758 300 969 376 ΒΟΤΑΝΙΚ.

572 449 729 541 ,ΒΨἏ
759 449 860 540 {¹²29}
1210 537 1217 541 .
1327 536 1331 542 .

162 1366 247 1450 Sur
271 1366 317 1449 le
344 1365 715 1468 developpemeut
741 1365 787 1448 et
811 1365 860 1447 la
886 1362 1203 1462 elasslflcatlon
1231 1363 1285 1448 (le

238 1517 452 1618 quelques
504 1520 680 1620 especes
706 1514 761 1600 ue
792 1516 1208 1617 Gloeospere'um.

697 1690 752 1740 Par

636 1834 670 1892 s.
694 1833 813 1893 nmo.
869 1885 880 1914 „

171 2011 377 2075 Communique
395 2011 421 2060 le
441 2010 471 2060 lu
488 2009 639 2060 novembre
659 2009 722 2062 1907
741 2024 792 2073 par
809 2009 842 2059 V.
860 2009 1021 2060 WImocx
1038 2014 1069 2060 et
1083 2009 1110 2059 J.
1129 2009 1289 2060 Enrxsson.

350 2319 377 2372 1.
424 2306 697 2391 (iloeosporlum
720 2309 896 2375 illiricum
919 2308 1100 2373 Rosraue.

202 2493 378 2560 Monsieur
399 2493 430 2558 le
452 2493 645 2577 proiesseur
676 2493 899 2559 Laouaaunn
920 2500 1030 2578 ayant
1051 2492 1251 2571 demoveri,
1274 2515 1333 2559 sur

114 2597 150 2662 la
185 2594 308 2660 fronde
341 2593 384 2659 de
416 2594 585 2680 plusieurs
617 2595 757 2679 aspices
782 2593 826 2659 de
846 2593 1016 2679 langores,
1038 2615 1088 2659 un
1108 2597 1198 2679 pouit
1219 2595 1333 2660 cham-

114 2700 248 2781 pignon
270 2696 421 2778 parasite
443 2693 555 2771 blanc,
578 2694 602 2758 il
622 2694 668 2760 l’a
689 2695 813 2760 trouve
835 2694 925 2760 douc
947 2695 991 2760 de
1012 2701 1092 2760 tani
1114 2695 1157 2760 de
1179 2695 1332 2760 caracte-

116 2819 174 2863 res
205 2795 461 2878 remarquables
494 2795 577 2878 qu'il
606 2796 759 2860 meritait
780 2815 828 2860 un
850 2815 991 2860 examen
1014 2795 1092 2880 plus
1114 2796 1331 2880 approiondi.

114 2899 173 2963 M.
196 2898 228 2962 le
249 2899 445 2981 proiesseur
465 2918 487 2961 a
508 2897 588 2962 bien
610 2897 717 2961 voulu
738 2917 792 2962 me
814 2896 955 2981 charger
976 2896 1019 2961 de
1041 2905 1096 2962 cet
1118 2917 1272 2970 examen,
1296 2905 1332 2962 ei

118 3002 156 3082 je
180 2999 253 3083 prie
274 2997 320 3061 M.
343 2996 376 3061 le
397 2997 593 3081 professeur
623 2997 667 3062 de
698 3000 851 3062 receuoir
871 3018 944 3062 mes
965 2997 1135 3062 meiileurs
1160 3000 1334 3063 remereie-

31 3177 32 3180 Ἴ
115 3106 233 3165 ments
267 3098 310 3162 de
344 3096 525 3163 l'honneur
557 3098 640 3182 qu’il
673 3099 743 3162 m’a
774 3099 946 3182 eemoigne
976 3119 1039 3182 psr
1060 3098 1104 3174 la,
1127 3098 1174 3163 du
1196 3117 1333 3164 secours

117 3199 271 3266 aimable
294 3208 330 3264 et
352 3198 394 3264 de
415 3199 649 3264 l'instruction
672 3199 925 3284 experimentee
947 3198 1028 3282 qu'il
1045 3199 1115 3264 m'a
1129 3198 1332 3284 prodiguees

116 3305 148 3367 si
181 3301 372 3385 largemeni
408 3300 476 3363 lore
510 3299 554 3364 de
586 3321 667 3364 mon
704 3300 861 3384 agreable
895 3299 1011 3382 sejour
1043 3301 1062 3366 a
1097 3299 1334 3366 »Stockholms

116 3400 327 3486 Hiigskola».
1136 3393 1140 3410 '

202 3501 246 3566 M.
270 3500 310 3566 G.
333 3501 554 3566 Lsoununnu
585 3499 707 3566 l’avait
729 3500 1073 3566 determine'comme
1093 3501 1333 3566 Exobusidium

118 3603 269 3668 Brevicri
312 3602 511 3678 Bounnun,i
553 3609 589 3665 et
611 3601 635 3665 il
656 3603 753 3666 avait
775 3601 898 3667 trouve
919 3601 1156 3667 l’affirmaiion
1178 3623 1219 3666 en
1242 3622 1332 3666 com-

117 3709 246 3788 parant·
261 3703 299 3768 'le
325 3701 555 3786 champignon
588 3702 712 3768 trouve
734 3723 818 3768 avec
841 3723 888 3766 uu
911 3703 1083 3787 specimen
1105 3702 1334 3786 autheniique

120 3805 165 3869 de
187 3803 233 3868 M.
257 3803 439 3868 Bououua.

205 3903 302 3970 Voici
324 3903 358 3968 la
378 3903 589 3988 description
611 3903 655 3969 de
676 3904 721 3968 M.
747 3905 934 3968 Boumnu:

207 4005 382 4071 »Macrrlae
417 4003 516 4070 albae
552 4003 796 4090 hypophyllae‚
836 4024 906 4069 non
938 4003 1158 4081 latescentes,
1183 4006 1334 4071 tenuiter

122 4107 414 4187 membranaceae,
427 4111 509 4170 2-—3
521 4125 591 4170 mm
607 4106 709 4182 lacae,
725 4105 927 4190 irregulares
940 4114 976 4171 ei
991 4126 1093 4191 saepe
1107 4105 1332 4183 confluentes,

120 4209 166 4273 ed
197 4209 387 4291 marginem
420 4206 615 4284 fibrillosae,
643 4227 749 4291 supra
771 4206 837 4271 sub
857 4206 950 4271 lente
972 4208 1166 4290 pruinosae,
1190 4205 1290 4272 facile
1312 4229 1333 4272 a

119 4311 268 4375 matrice
294 4308 492 4373 secedentes
514 4315 549 4372 ei
571 4329 647 4372 eam
670 4327 741 4372 nou
757 4306 990 4372 deformantes
1005 4313 1067 4372 aut
1082 4306 1331 4384 decoloranies,

119 4432 163 4475 ex
199 4408 345 4493 myeelio
387 4428 551 4474 araneoso
588 4417 624 4474 el
660 4407 801 4472 basidiis
837 4407 1123 4473 elavaeformibus
1158 4407 1333 4492 sporiieris

120 4511 299 4575 formatae.
356 4508 496 4573 Baaidia
540 4508 739 4594 irregularia
771 4513 1044 4576 30-40x8-10
1079 4530 1099 4592 μ
1132 4508 1332 4574 normaliter

189 4634 273 4678 Aricia
290 4632 333 4690 for
352 4631 463 4678 bolenilr.
499 4633 574 4678 Bond
594 4636 615 4678 7.
636 4633 684 4680 Neo
703 4634 727 4680 8.
1253 4631 1264 4679 l
